@unpublished{RnD1Ravichandran,
	Abstract = {This is your abstract.},
	Author = {Rubanraj Ravichandran},
	Month = {January},
	Note = {WS16/17 FH-BRS - Performance analysis and benchmarking of different databases for robotic applications - Prof. Dr. Kaul, Huebel and Blumenthal supervising},
	Title = {Performance analysis and benchmarking of different databases for robotic applications},
	Year = {2018}}
